@article{Ordlander1997,
  author = {{\"O}rdlander, G. and Nilsson, U. and Nordlander, G.},
  title = {Pine weevil abundance on clear-cuttings of different ages: a 6-year study using pitfall traps},
  year = 1997,
  journal = {Scandinavian Journal of Forest Research},
  volume = {12},
  number = {},
  pages = {225--240},
  FILE = {~/Documents/papers/ordlander_1997.pdf},
  DOI = { http://dx.doi.org/10.1080/02827589709355405 }
}

@article{Nordlander1991,
  author = {Nordlander, G.},
  title = {Host finding in the pine weevil \textit{Hylobius abietis}: effects of conifer volatiles and added limonene},
  year = 1991,
  journal = {Entomologia Experimentalis et Applicata},
  volume = {59},
  number = {},
  pages = {229--237},
  FILE = {~/Documents/papers/nordlander_1991.pdf},
  DOI = { http://dx.doi.org/10.1111/j.1570-7458.1991.tb01507.x }
}

@article{Leather1999,
  author = {Leather, S. R. and Day, K. R. and Salisbury, A. N.},
  title = {The biology and ecology of the large pine weevil, \textit{Hylobius abietis} (Coleoptera: Curculionidae): a problem of dispersal?},
  year = 1999,
  journal = {Bulletin of Entomological Research},
  volume = {89},
  number = {},
  pages = {3--16},
  FILE = {~/Documents/papers/leather_1999.pdf},
  DOI = { http://dx.doi.org/10.1017/S0007485399000024 }
}

@article{Selander1990,
  author = {Selander, J. and Immonen, A. and Raukko, P.},
  title = {Resistance of naturally regenerated and nursery-raised Scots pine seedlings to the large pine weevil},
  year = 1990,
  journal = {Folia Forestalia},
  volume = {766},
  number = {},
  pages = {1--199},
  FILE = {~/Documents/papers/selander_1990.pdf},
  ISBN = { 9514011406 }
}

@article{Barredo2015,
  author = {Barredo, J. I. and Strona, G. and {de Rigo}, D. and Caudullo, G. and Stancanelli, G. and San-Miguel-Ayanz, J.},
  title = {Assessing the potential distribution of insect pests: case studies on large pine weevil (\textit{Hylobius abietis} L) and horse-chestnut leaf miner (\textit{Cameraria ohridella}) under present and future climate conditions in European forests},
  year = 2015,
  journal = {EPPO Bulletin},
  volume = {45},
  number = {2},
  pages = {273--281},
  FILE = {~/Documents/papers/barredo_2015.pdf},
  DOI = { http://dx.doi.org/10.1111/epp.12208 }
}

@report{Willoughby2004,
  author = {Willoughby, I. and Evans, H. and Gibbs, J. and Pepper, H. and Gregory, S. and Dewar, J. and Nisbet, T. and Pratt, J. and McKay, H. and Siddons, R. and Mayle, B. and Heritage, S. and Ferris, R. and Trout, R.},
  title = {Reducing pesticide use in forestry},
  institution = {Forestry Commission: Edinburgh},
  year = 2004,
  FILE = {~/Documents/papers/willoughby_2004.pdf},
  ISBN = { 0855386177 }
}

@article{Dillon2006,
  author = {Dillon, A. B. and Ward, D. and Downes, M. J. and Griffin, C. T.},
  title = {Suppression of the large pine weevil \textit{Hylobius abietis} (L.) (Coleoptera: Curculionidae) in pine stumps by entomopathogenic nematodes with different foraging strategies},
  year = 2006,
  journal = {Biological Control},
  volume = {38},
  number = {},
  pages = {217--226},
  FILE = {~/Documents/papers/dillon_2006.pdf},
  DOI = { http://dx.doi.org/10.1016/j.biocontrol.2006.03.004 }
}

@article{Rose2005,
  author = {Rose, D. and Leather, S. R. and Matthews, G. A.},
  title = {Recognition and avoidance of insecticide-treated Scots Pine (\textit{Pinus sylvestris}) by \textit{Hylobius abietis} (Coleoptera: Curculionidae): implications for pest management strategies},
  year = 2005,
  journal = {Agricultural and Forest Entomology},
  volume = {7},
  number = {},
  pages = {187--191},
  FILE = {~/Documents/papers/rose_2005.pdf},
  DOI = { http://dx.doi.org/10.1111/j.1461-9555.2005.00249.x }
}

@report{Willoughby2017,
  author = {Willoughby, I. and Moore, R. and Nisbet, T.},
  title = {Interim guidance on the integrated management of \textit{Hylobius abietis} in UK forestry},
  institution = {Forest Research},
  year = 2017,
  FILE = {~/Documents/papers/willoughby_2017.pdf}
}

@article{Wallertz2014,
  author = {Wallertz, K. and Nordenhem, H. and Nordlander, G.},
  title = {Damage by the pine weevil \textit{Hylobius abietis} to seedlings of two native and five introduced tree species in Sweden},
  year = 2014,
  journal = {Silva Fennica},
  volume = {48},
  number = {4},
  pages = {1--14},
  FILE = {~/Documents/papers/wallertz_2014.pdf},
  DOI = { http://dx.doi.org/10.14214/sf.1188 }
}

@report{ForestryStatistics2018,
  author = {},
  title = {Forestry Statistics 2018: A compendium of statistics about woodland, forestry and primary wood processing in the United Kingdom},
  institution = {Forestry Commission},
  year = 2018,
  FILE = {~/Documents/papers/forest_stats_2018.pdf}
}

@article{Donnelly2018,
  author = {Donnelly, K. and Cavers, S. and Cottrell, J. E. and Ennos, R. A.},
  title = {Cryptic genetic variation and adaptation to waterlogging in Caledonian Scots pine, \textit{Pinus sylvestris} L.},
  year = 2018,
  journal = {Ecology and Evolution},
  volume = {8},
  number = {},
  pages = {8665–-8675},
  FILE = {~/Documents/papers/donnelly_2018.pdf},
  DOI = { http://dx.doi.org/10.1002/ece3.4389 }
}

@article{Donnelly2016,
  author = {Donnelly, K. and Cavers, S. and Cottrell, J. E. and Ennos, R. A.},
  title = {Genetic variation for needle traits in Scots pine (\textit{Pinus sylvestris} L.)},
  year = 2016,
  journal = {Tree Genetics {\&} Genomes},
  volume = {12},
  number = {3},
  pages = {40},
  FILE = {~/Documents/papers/donnelly_2016.pdf},
  DOI = { http://dx.doi.org/10.1007/s11295-016-1000-4 }
}

@manual{RCoreTeam2019,
  title = {R: A Language and Environment for Statistical Computing},
  author = {{R Core Team}},
  organization = {R Foundation for Statistical Computing},
  address = {Vienna, Austria},
  year = {2019},
  url = {https://www.R-project.org/},
}

@article{glmmTMB,
  author = {Mollie E. Brooks and Kasper Kristensen and Koen J. {van Benthem} and Arni Magnusson and Casper W. Berg and Anders Nielsen and Hans J. Skaug and Martin Maechler and Benjamin M. Bolker},
  title = {{glmmTMB} Balances Speed and Flexibility Among Packages for Zero-inflated Generalized Linear Mixed Modeling},
  year = {2017},
  journal = {The R Journal},
  url = {https://journal.r-project.org/archive/2017/RJ-2017-066/index.html},
  pages = {378--400},
  volume = {9},
  number = {2}
}

@manual{MuMIn,
title = {MuMIn: Multi-Model Inference},
author = {Kamil Bartoń},
year = {2019},
note = {R package version 1.43.6},
url = {https://CRAN.R-project.org/package=MuMIn},
}

@article{Gill1992,
  author = {Gill, R. M. A.},
  title = {A review of damage by mammals in North temperate forests: 3. Impact on trees and forests},
  year = 1992,
  journal = {Forestry},
  volume = {65},
  number = {4},
  pages = {363--388},
  FILE = {~/Documents/papers/gill_1992.pdf},
  DOI = { http://dx.doi.org/10.1093/forestry/65.4.363-a }
}

@incollection{Alfaro1989,
  author = {Alfaro, R.},
  editor = {Alfaro, R. and Glover, S.},
  title = {Stem defects in Sitka spruce induced by Sitka spruce weevil, Pissodes strobi (Peck)},
  booktitle = {Insects affecting reforestation: biology and damage},
  year = 1989,
  pages = {177--185},
  publisher = {Forestry Canada},
  address = {Berlin, Germany},
  FILE = {~/Documents/papers/alfaro_1989.pdf},
  DOI = { http://dx.doi.org/10.13140/RG.2.1.3554.5122 }
}

@article{Mansson2004,
  author = {M\r{a}nsson, P. E. and Schlyter, F.},
  title = {\textit{Hylobius} pine weevils adult host selection and antifeedants: feeding behaviour on host and non-host woody scandinavian plants},
  year = 2004,
  journal = {Agricultural and Forest Entomology},
  volume = {6},
  number = {},
  pages = {165--171},
  FILE = {~/Documents/papers/mansson_2004.pdf},
  DOI = { http://dx.doi.org/10.1111/j.1461-9563.2004.00217.x }
}


@article{Manlove1997,
  author = {Manlove, J. D. and Styles, J. and Leather, S. R.},
  title = {Feeding of the adults of the large pine weevil, \textit{Hylobius abietis} (Coleoptera: Curculionidae)},
  year = 1997,
  journal = {European Journal of Entomology},
  volume = {94},
  number = {},
  pages = {153--156},
  FILE = {~/Documents/papers/manlove_1997.pdf},
  DOI = { http://dx.doi.org/ }
}

@article{Toivonen2006,
  author = {Toivonen, R. and Viiri, H.},
  title = {Adult large pine weevils Hylobius abietis feed on silver birch Betula pendula even in the presence of conifer seedlings},
  year = 2006,
  journal = {Agricultural and Forest Entomology},
  volume = {8},
  number = {},
  pages = {121--128},
  FILE = {~/Documents/papers/toivonen_2006.pdf},
  DOI = { http://dx.doi.org/10.1111/j.1461-9563.2006.00290.x }
}

@phdthesis{Rose2002,
    title    = {Control of the Large Pine Weevil, \textit{Hylobius abietis}, L.},
    school   = {Imperial College, London},
    author   = {Rose, D.},
    year     = {2002} 
}

@article{Nordlander1986,
  author = {Nordlander, G. and Eidmann, H. H. and Jacobsson, U. and Nordenhem, H. and Sj\"{o}din, K.},
  title = {Orientation of the pine weevil \textit{Hylobius abietis} to underground sources of host volatiles},
  year = 1986,
  journal = {Entomologia Experimentalis et Applicata},
  volume = {41},
  number = {},
  pages = {91--100},
  FILE = {~/Documents/papers/nordlander_1986.pdf},
  DOI = { http://dx.doi.org/10.1111/j.1570-7458.1986.tb02177.x }
}

@article{Rahman2015,
  author = {Rahman, A. and Viiri, H. and Pelkonen, P. and Khanam, T.},
  title = {Have stump piles any effect on the pine weevil (\textit{Hylobius abietis} L.) incidence and seedling damage?},
  year = 2015,
  journal = {Global Ecology and Conservation},
  volume = {3},
  number = {},
  pages = {424--432},
  FILE = {~/Documents/papers/rahman_2015.pdf},
  DOI = { http://dx.doi.org/10.1016/j.gecco.2015.01.012 }
}

@article{Orlander1999,
  author = {\"{O}rdlander, G. and Nilsson, U.},
  title = {Effect of reforestation methods on pine weevil (\textit{Hylobius abietis}) damage and seedling survival},
  year = 1999,
  journal = {Scandinavian Journal of Forest Research},
  volume = {14},
  number = {},
  pages = {341--354},
  FILE = {~/Documents/papers/orlander_1999.pdf},
  DOI = { http://dx.doi.org/10.1080/02827589950152665 }
}

@report{Evans2015,
  author = {Evans, H. and McAllister, F. and Saunders, T. and Moore, R. and Jenkins, T. and Butt, T. and Ansari, M. and Griffin, G. Williams, C. and Teck, R. and Sweeney, J.},
  title = {The Impact project guide to \textit{Hylobius} management 2015},
  institution = {Taliesin Communications},
  year = 2015,
  FILE = {~/Documents/papers/evans_2015.pdf},
  URL = { http://www.impactproject.eu/uploads/impact_hylobius_publications.pdf }
}

@article{Kapranas2017,
  author = {Kapranas, A. and Malone, B. and Quinn, S. and O'Tuama, P. and Peters, A. and Griffin, C. T.},
  title = {Optimizing the application method of entomopathogenic nematode suspension for biological control of large pine weevil \textit{Hylobius abietis}},
  year = 2017,
  journal = {BioControl},
  volume = {62},
  number = {},
  pages = {659--667},
  FILE = {~/Documents/papers/kapranas_2017.pdf},
  DOI = { http://dx.doi.org/10.1007/s10526-017-9824-x }
}

@article{McNamara2018,
  author = {{Mc Namara}, L. and Kapranas, A. and Williams, C. D. and O'Tuama, P. and Kavanagh, K. and Griffin, C. T.},
  title = {Efficacy of entomopathogenic fungi against large pine weevil \textit{Hylobius abietis}, and their additive effects when combined with entomopathogenic nematodes},
  year = 2018,
  journal = {Journal of Pest Science},
  volume = {91},
  number = {},
  pages = {1407--1419},
  FILE = {~/Documents/papers/mcnamara_2018.pdf},
  DOI = { http://dx.doi.org/10.1007/s10340-018-0994-9 }
}

@article{Heijari2011,
  author = {Heijari, J. and Blande, J. D. and Holopainen, J. K.},
  title = {Feeding of large pine weevil on Scots pine stem triggers localised bark and systemic shoot emission of volatile organic compounds},
  year = 2011,
  journal = {Environmental and Experimental Botany},
  volume = {71},
  number = {},
  pages = {390--398},
  FILE = {~/Documents/papers/heijari_2011.pdf},
  DOI = { http://dx.doi.org/10.1016/j.envexpbot.2011.02.008 }
}

@article{Kivimaenpaa2012,
  author = {Kivim\"{a}enp\"{a}\"{a}, M. and Magsarjav, N. and Ghimire, R. and Markkanen, J. and Heijari, J. and Vuorinen, M. and Holopainen, J. K.},
  title = {Influence of tree provenance on biogenic VOC emissions of Scots pine (\textit{Pinus sylvestris}) stumps},
  year = 2012,
  journal = {Atmospheric environment},
  volume = {60},
  number = {},
  pages = {477--485},
  FILE = {~/Documents/papers/kivimaenpaa_2012.pdf},
  DOI = { http://dx.doi.org/10.1016/j.atmosenv.2012.07.018 }
}

@article{Trapp2001,
  author = {Trapp, S. and Croteau, R.},
  title = {Defensive resin biosynthesis in Conifers},
  year = 2001,
  journal = {Annual Review of Plant Physiology and Plant Molecular Biology},
  volume = {52},
  number = {},
  pages = {689--724},
  FILE = {~/Documents/papers/trapp_2001.pdf},
  DOI = { http://dx.doi.org/10.1146/annurev.arplant.52.1.689 }
}

@article{Keeling2006,
  author = {Keeling, C. I. and Bohlmann, J.},
  title = {Genes, enzymes and chemicals of terpenoid diversity in the constitutive and induced defence of conifers against insects and pathogens},
  year = 2006,
  journal = {New Phytologist},
  volume = {170},
  number = {},
  pages = {657--675},
  FILE = {~/Documents/papers/keeling_2006.pdf},
  DOI = { http://dx.doi.org/10.1111/j.1469-8137.2006.01716.x }
}

@article{Telford2014,
  author = {Telford, A. and Cavers, S. and Cottrell, J. E.},
  title = {Can we protect forests by harnessing variation in resistance to pests and pathogens},
  year = 2014,
  journal = {Forestry},
  volume = {88},
  number = {},
  pages = {3--12},
  FILE = {~/Documents/papers/telford_2014.pdf},
  DOI = { http://dx.doi.org/10.1093/forestry/cpu012 }
}

@article{Alfaro2014,
  author = {Alfaro, R. I. and Fady, B. and Vendramin, G. G. and Dawson, I. K. and Fleming, R. A. and S\'{a}enz-Romero, C. and Lindig-Cisneros, R. A. and Murdock, T. and Vinceti, B. and Navarro, C. M. and Skr{\o}ppa, Baldinelly, G. and El-Kassaby, Y. A. and Loo, J.},
  title = {The role of forest genetic resources in responding to biotic and abiotic factors in the context of anthropogenic climate change},
  year = 2014,
  journal = {Forest Ecology and Management},
  volume = {333},
  number = {},
  pages = {76--87},
  FILE = {~/Documents/papers/alfaro_2014.pdf},
  DOI = { http://dx.doi.org/10.1016/j.foreco.2014.04.006 }
}

@report{Heritage2001,
  author = {Heritage, S. and Moore, R.},
  title = {The assessment of site characteristics as part of a management strategy to reduce damage by \textit{Hylobius}},
  year = 2000,
  institution = {Information Note - Forestry Commission},
  number = {38},
  pages = {5 pp.},
  ISSN = { 1460-3802 }
}

@article{Mian1992,
  author = {Mian, L. S. and Mulla, M. S.},
  title = {Effects of pyrethroid insecticides on nontarget invertebrates in aquatic ecosystems},
  year = 1992,
  journal = {Journal of Agricultural Entomology},
  volume = {9},
  number = {2},
  pages = {73--98},
  FILE = {~/Documents/papers/mian_1992.pdf},
  DOI = { http://dx.doi.org/ }
}

@article{Antwi2015,
  author = {Antwi, F. B. and Reddy, G. V. P.},
  title = {Toxicological effects of pyrethroids on non-target aquatic insects},
  year = 2015,
  journal = {Environmental Toxicology and Pharmacology},
  volume = {40},
  number = {},
  pages = {915--923},
  FILE = {~/Documents/papers/antwi_2015.pdf},
  DOI = { http://dx.doi.org/10.1016/j.etap.2015.09.023 }
}

@article{Nordlander1987,
  author = {Nordlander, G.},
  title = {A method for trapping \textit{Hylobius abietis} (L.) with a standardized bait and its potential for forecasting seedling damage},
  year = 1987,
  journal = {Scandinavian Journal of Forest Research},
  volume = {2},
  number = {},
  pages = {199--213},
  FILE = {~/Documents/papers/nordlander_1987.pdf},
  DOI = { http://dx.doi.org/10.1080/02827588709382458 }
}

@article{Tilles1986,
  author = {Tilles, D. A. and Sj\"{o}din, K. and Nordlander, G. and Eidmann, H. H.},
  title = {Synergism between ehtanol and conifer host volatiles as attractants for the pine weevil, \textit{Hylobius abietis} (L.) (Coleoptera: Curcolionidae)},
  year = 1986,
  journal = {Journal of Economic Entomology},
  volume = {79},
  number = {4},
  pages = {970--973},
  FILE = {~/Documents/papers/tilles_1986.pdf},
  DOI = { http://dx.doi.org/10.1093/jee/79.4.970 }
}

@article{Byun2006,
  author = {Byun-McKay, A. and Godard, K. and Toudefallah, M. and Martin, D. M. and Alfaro, R. and King, J. and Bohlmann, J. and Plant, A. L.},
  title = {Wound-induced terpene synthase gene expression in sitka spruce that exhibit resistance or susceptibility to attack by the white pine weevil},
  year = 2006,
  journal = {Plant Physiology},
  volume = {140},
  number = {},
  pages = {1009--1021},
  FILE = {~/Documents/papers/byun_2006.pdf},
  DOI = { http://dx.doi.org/10.1104/pp.105.071803 }
}

@article{Alfaro2013,
  author = {Alfaro, R. I. and King, J. N. and {vanAkker}, L.},
  title = {Delivering sitka spruce with resistance against white pine weevil in British Columbia, Canada},
  year = 2013,
  journal = {The Forestry Chronicle},
  volume = {89},
  number = {2},
  pages = {235--245},
  FILE = {~/Documents/papers/alfaro_2013.pdf},
  DOI = { http://dx.doi.org/10.5558/tfc2013-042 }
}

@article{Mason2004,
  author = {Mason, W. L. and Hampson, A. and Edwards, C.},
  title = {Managing the pinewoods of Scotland},
  publisher = {Forestry Commission},
  address = {Edinburgh},
  year = 2004,
  FILE = {~/Documents/papers/mason_2004.pdf}
}

@article{Perry2016,
  author = {Perry, A. and Wachowiak, W. and Brown, A. V. and Ennos, R. A. and Cottrell, J. E. and Cavers, S.},
  title = {Substantial heritable variation for susceptibility to \textit{Dothistroma septosporum} within populations of native British scos pine (\textit{Pinus sylvestris})},
  year = 2016,
  journal = {Plant Pathology},
  volume = {65},
  number = {},
  pages = {987--996},
  FILE = {~/Documents/papers/perry_2016.pdf},
  DOI = { http://dx.doi.org/10.1111/ppa.12528 }
}

@article{Salmela2013,
  author = {Salmela, M. J. and Cavers, S. and Cottrell, J. E. and Iason, G. R. and Ennos, R. A.},
  title = {Spring phenology shows genetic variation among and within populations in seedlings of Scots pine (\textit{Pinus sylvestris} L.) in the Scottish Highlands},
  year = 2013,
  journal = {Plant Ecology \& Diversity},
  volume = {6},
  number = {3-4},
  pages = {523--536},
  FILE = {~/Documents/papers/salmela_2013.pdf},
  DOI = { http://dx.doi.org/10.1080/17550874.2013.795627 }
}


@misc{GBIF2019,
  author = {{GBIF}},
  title = {GBIF Occurrence Download},
  year = 2019,
  date = {02 August 2019},
  DOI = { http://dx.doi.org/10.15468/dl.cpbxve }
}

@article{Gonzalez2018,
  author = {Gonz\'{a}lez-Diaz, P. and Cavers, S. and Iason, G. R. and Booth, A. and Russell, J. and Jump, A. S.},
  title = {Weak isolation by distance and geographic diversity gradients persist in Scottish relict pine forest},
  year = 2018,
  journal = {iForest},
  volume = {11},
  number = {},
  pages = {449--458},
  FILE = {~/Documents/papers/gonzalez_2018.pdf},
  DOI = { http://dx.doi.org/10.3832/ifor2454-011 }
}

@article{Nordenhem1989,
  author = {Nordenhem, H.},
  title = {Age, sexual development, and seasonal occurrence of the pine weevil \textit{Hylobius abietis} (L.)},
  year = 1989,
  journal = {Journal of Applied Entomology},
  volume = {108},
  number = {},
  pages = {260--270},
  FILE = {~/Documents/papers/nordenhem_1989.pdf},
  DOI = { http://dx.doi.org/10.1111/j.1439-0418.1989.tb00456.x }
}

@article{Bolker2008,
  author = {Bolker, B. M. and Brooks, M. E. and Clark, C. J. and Geange, S. W. and Poulsen, J. R. and Stevens, M. H. H. and White, J. S.},
  title = {Generalized linear mixed models: a practical guide for ecology and evolution},
  year = 2008,
  journal = {Trends in Ecology and Evolution},
  volume = {24},
  number = {3},
  pages = {127--135},
  FILE = {~/Documents/papers/bolker_2008.pdf},
  DOI = { http://dx.doi.org/10.1016/j.tree.2008.10.008 }
}

@article{Inward2012,
  author = {Inward, D. J. G. and Wainhouse, D. and Peace, A.},
  title = {The effect of temperature on the development and life cycle regualtion of the pine weevil \textit{Hylobius abietis} and the potential impacts of climate change},
  year = 2012,
  journal = {Agricultural and Forest Entomology},
  volume = {14},
  number = {},
  pages = {348--357},
  FILE = {~/Documents/papers/inward_2012.pdf},
  DOI = { http://dx.doi.org/10.1111/j.1461-9563.2012.00575.x }
}

@incollection{Gershenzon1991,
  author      = {Gershenzon, J. and Croteau, R.},
  title       = {Terpenoids},
  editor      = {Rosonthal, G. A. and Berenbaum, M.},
  booktitle   = {Herbivores: Their interactions with secondary plant metabolites},
  publisher   = {Elsevier Science},
  address     = {Oxford},
  year        = 1991,
  pages       = {165--219}
}

@article{Eyles2009,
  author = {Eyles, A. and Bonello, P. and Ganley, R. and Mohammed, C.},
  title = {Induced resistance to pests and pathogens in trees},
  year = 2009,
  journal = {New Phytologist},
  volume = {185},
  number = {},
  pages = {893--908},
  FILE = {~/Documents/papers/eyles_2009.pdf},
  DOI = { http://dx.doi.org/10.1111/j.1469-8137.2009.03127.x }
}

@article{Schiebe2012,
  author = {Schiebe, C. and Hammerbacher, A. and Birgersson, G. and Witzell, J. and Brodelius, P. E. and Gershenzon, J. and Hansson, B. S. and Krokene, P. and Schlyter, F.},
  title = {Inducibility of chemical defenses in Norway spruce bark is correlated with unsuccessful mass attacks by the spruce bark beetle},
  year = 2012,
  journal = {Oecologia},
  volume = {170},
  number = {},
  pages = {183--198},
  FILE = {~/Documents/papers/schiebe_2012.pdf},
  DOI = { http://dx.doi.org/10.1007/s00442-012-2298-8 }
}

@report{Cheffings2005,
  author = {Dines, T. D. and Jones, R. A. and Leach, S. J. and McKean, D. R. and Pearman, D. A. and Preston, C. D. and Rumsey, F. J. and Taylor, I.},
  title = {The Vascular Plant Red Data List for Great Britain. Species Status 7},
  editor = {Cheffings, C. M. and Farell, L.},
  publisher = {Joint Nature Conservation Committee},
  address = {Peterborough},
  year = 2005,
  pages = {1--116}
}

@article{Edwards2006,
  author = {Edwards, C. E. and Mason, W. L.},
  title = {Stand structure and dynamics of four native scots pine (\textit{Pinus sylvestris} L.) woodlands in northern Scotland},
  year = 2006,
  journal = {Forestry},
  volume = {79},
  number = {},
  pages = {261--277},
  FILE = {~/Documents/papers/edwards_2006.pdf},
  DOI = { http://dx.doi.org/10.1093/forestry/cpl014 }
}

@article{Schneider2012,
  author = {Schneider, C. A. and Rasband, W. S. and Eliceiri, K. W.},
  title = {NIH Image to ImageJ: 25 years of Image Analysis},
  year = 2012,
  journal = {Nat Methods},
  volume = {9},
  number = {7},
  pages = {671--675},
  FILE = {~/Documents/papers/schneider_2012.pdf},
  DOI = { http://dx.doi.org/10.1038/nmeth.2089 }
}

@article{Carlisle1968,
  author = {Carlisle, A. and Brown, A. H. F.},
  title = {Pinus sylvestris, L.},
  year = 1968,
  journal = {Journal of Ecology},
  volume = {56},
  number = {1},
  pages = {269--307},
  FILE = {~/Documents/papers/carlisle_1968.pdf},
  DOI = { http://dx.doi.org/10.2307/2258078 }
}

@article{Kiss1991,
  author = {Kiss, G. K. and Yanchuk, A. D.},
  title = {Preliminary evaluation of genetic variation of weevil resistance in interior spruce in British Columbia},
  year = 1991,
  journal = {Canadian Journal of Forest Research},
  volume = {21},
  number = {2},
  pages = {230--234},
  FILE = {~/Documents/papers/kiss_1991.pdf},
  DOI = { http://dx.doi.org/10.1139/x91-028 }
}

@article{King2011,
  author = {King, J. N. and Alfaro, R. I. and Lopez, M. G. and {van Akker}, L.},
  title = {Resistance of sitka spruce (\textit{Picea sitchensis} (Bong.) Carr.) to white pine weevil (\textit{Pissodes strobi} Peck): characterizing the bark defence mechanisms of resistant populations},
  year = 2011,
  journal = {Forestry},
  volume = {84},
  number = {1},
  pages = {83--91},
  FILE = {~/Documents/papers/king_2011.pdf},
  DOI = { http://dx.doi.org/10.1093/forestry/cpq047 }
}

@article{Williams2013,
  author = {Williams, C. D. and Dillon, A. B. and Harvey, C. D. and Hennessy, R. and McNamara, L. and Griffin, C. T.},
  title = {Control of a major pest of forestry, \textit{Hylobius abietis}, with entomopathogenic nematodes and fungi using eradicant and prophylactic strategies},
  year = 2013,
  journal = {Forest Ecology and Management},
  volume = {305},
  number = {},
  pages = {212--222},
  FILE = {~/Documents/papers/williams_2013.pdf},
  DOI = { http://dx.doi.org/10.1016/j.foreco.2013.05.055 }
}

@article{Wainhouse2014,
  author = {Wainhouse, D. and Inward, D. J. G. and Morgan, G.},
  title = {Modelling geographical variation in voltinism of \textit{Hylobius abietis} under climate change and implications for management},
  year = 2014,
  journal = {Agricultural and Forest Entomology},
  volume = {16},
  number = {},
  pages = {136--146},
  FILE = {~/Documents/papers/wainhouse_2014.pdf},
  DOI = { http://dx.doi.org/10.1111/afe.12043 }
}

@article{Boucher2001,
  author = {Boucher, D. and Lavall\'{e}e, R. and Mauffette, Y.},
  title = {Biological performance of the white pine weevil in relation to the anatomy of the resin canal system of four different host species},
  year = 2001,
  journal = {Canadian Journal of Forest Research},
  volume = {31},
  number = {},
  pages = {2035--2041},
  FILE = {~/Documents/papers/boucher_2001.pdf},
  DOI = { http://dx.doi.org/10.1139/cjfr-31-11-2035 }
}

@manual{Russell2019,
  title = {emmeans: Estimated Marginal Means, aka Least-Squares Means},
  author = {Russell L.},
  year = {2019},
  note = {R package version 1.3.5.1},
  url = {https://CRAN.R-project.org/package=emmeans},
}

@article{Farrell1991,
  author = {Farrell, B. D. and Dussourd, D. E. and Mitter, C.},
  title = {Escalation of plant defense: do latex and resin canals spur plant diversification?},
  year = 1991,
  journal = {The American Naturalist},
  volume = {138},
  number = {4},
  pages = {881--900},
  FILE = {~/Documents/papers/farrell_1991.pdf},
  DOI = { http://dx.doi.org/10.1086/285258 }
}

@article{Guenther1997,
  author = {Guenther, A.},
  title = {Seasonal and spatial variations in natural volatile organic compound emissions},
  year = 1997,
  journal = {Ecological Applications},
  volume = {7},
  number = {1},
  pages = {34--45},
  FILE = {~/Documents/papers/guenther_1997.pdf},
  DOI = { http://dx.doi.org/10.1890/1051-0761(1997)007[0034:SASVIN]2.0.CO;2 }
}
